@ARTICLE{astar,  author={P. E. {Hart} and N. J. {Nilsson} and B. {Raphael}},  journal={IEEE Transactions on Systems Science and Cybernetics},   title={A Formal Basis for the Heuristic Determination of Minimum Cost Paths},   year={1968},  volume={4},  number={2},  pages={100-107},  doi={10.1109/TSSC.1968.300136}}